<?xml version='1.0' encoding='utf-8'?>
<record xmlns="http://www.loc.gov/MARC21/slim" xmlns:xsi="http://www.w3.org/2001/XMLSchema-instance">
  <leader>00000npcaa22006131?^4500</leader>
  <controlfield tag="001">002740714</controlfield>
  <controlfield tag="005">20081001094648.0</controlfield>
  <controlfield tag="008">940131i18301933miu^^^^^a^^^^^^^^^^^eng||</controlfield>
  <datafield tag="035" ind1=" " ind2=" ">
    <subfield code="a">(RLIN)MIUV85-A348</subfield>
  </datafield>
  <datafield tag="035" ind1=" " ind2=" ">
    <subfield code="a">(OCoLC)ocm80173600</subfield>
  </datafield>
  <datafield tag="040" ind1=" " ind2=" ">
    <subfield code="a">MiU-H</subfield>
    <subfield code="c">MiU-H</subfield>
    <subfield code="e">appm</subfield>
    <subfield code="d">MiU-H</subfield>
  </datafield>
  <datafield tag="245" ind1="0" ind2="0">
    <subfield code="a">Temperance and prohibition papers,</subfield>
    <subfield code="f">1830-1933</subfield>
    <subfield code="h">[microform].</subfield>
  </datafield>
  <datafield tag="300" ind1=" " ind2=" ">
    <subfield code="a">423 microfilm reels :</subfield>
    <subfield code="b">positive.</subfield>
  </datafield>
  <datafield tag="500" ind1=" " ind2=" ">
    <subfield code="a">"A joint microfilm publication of the Ohio Historical Society, Michigan Historical Collections, and Woman's Christian Temperance Union."--Reel 1, Ser. 3.</subfield>
  </datafield>
  <datafield tag="505" ind1="0" ind2=" ">
    <subfield code="a">Series I. Mid-nineteenth century Temperance movement [2 rolls] -- Series II. Prohibition Party [2 rolls] -- Series III. Woman's Christian Temperance Union [49 rolls] -- Series IV. Intercollegiate Prohibition Association [7 rolls] --Series V. Ohio Anti-Saloon League [7 rolls] -- Series VI. District of Columbia Anti-Saloon League [3 rolls] -- Series VII. Anti-Saloon League of America [17 rolls] -- Series VIII. Office of General Counsel and Legislative Superintendent, Anti-Saloon League of America [15 rolls] -- Series IX. Scientific Temperance Federation [67 rolls]</subfield>
  </datafield>
  <datafield tag="505" ind1="0" ind2=" ">
    <subfield code="a">Series X. American Issue Publishing Company [17 rolls] -- Series XI. World League Against Alcoholism [28 rolls] -- Series XII. Standard encyclopedia of the alcohol problem [5 rolls] -- Series XIII. Ernest Hurst Cherrington [110 rolls] -- Series XIV. Francis Scott McBride [15 rolls] -- Series XV. Howard Hyde Russell [8 rolls] -- Series XVI. Thomas Justin Steuart [10 rolls] -- Series XVII. American issue [11 rolls] -- Series XVIII. American patriot [2 rolls] -- Series XIX. National daily [2 rolls] -- Series XX. New republic [1 roll] -- Series XXI. Union signal [37 rolls] -- Series XXII. 1982 addition: Frances Willard diaries, journals, and correspondence, 1855-1896; Our union, 1877-1882; The signal, 1880-1882.</subfield>
  </datafield>
  <datafield tag="500" ind1=" " ind2=" ">
    <subfield code="a">Donor: 6841</subfield>
  </datafield>
  <datafield tag="533" ind1=" " ind2=" ">
    <subfield code="a">Microfilm.</subfield>
    <subfield code="b">Columbus, Ohio :</subfield>
    <subfield code="c">Ohio Historical Society,</subfield>
    <subfield code="d">1977.</subfield>
    <subfield code="e">415 microfilm reels ; 35 mm.</subfield>
  </datafield>
  <datafield tag="533" ind1=" " ind2=" ">
    <subfield code="a">Microfilm.</subfield>
    <subfield code="b">Ann Arbor, Mich. :</subfield>
    <subfield code="c">Michigan Historical Collections,</subfield>
    <subfield code="d">1982.</subfield>
    <subfield code="e">8 microfilm reels; 35 mm.</subfield>
  </datafield>
  <datafield tag="555" ind1=" " ind2=" ">
    <subfield code="a">Described in Guide to the microfilm edition of temperance and prohibition papers. Ann Arbor, Mich. : Michigan Historical Collections, 1977.</subfield>
  </datafield>
  <datafield tag="555" ind1=" " ind2=" ">
    <subfield code="a">Finding aid in the library.</subfield>
  </datafield>
  <datafield tag="650" ind1=" " ind2="0">
    <subfield code="a">Alcoholism</subfield>
    <subfield code="z">United States</subfield>
    <subfield code="x">History</subfield>
    <subfield code="x">Sources.</subfield>
  </datafield>
  <datafield tag="610" ind1="2" ind2="0">
    <subfield code="a">American Issue Publishing Company.</subfield>
  </datafield>
  <datafield tag="610" ind1="2" ind2="0">
    <subfield code="a">Anti-saloon League of America.</subfield>
  </datafield>
  <datafield tag="610" ind1="2" ind2="0">
    <subfield code="a">Anti-Saloon League of Ohio.</subfield>
  </datafield>
  <datafield tag="610" ind1="2" ind2="0">
    <subfield code="a">Anti-Saloon League of the District of Columbia.</subfield>
  </datafield>
  <datafield tag="655" ind1=" " ind2="7">
    <subfield code="a">Diaries.</subfield>
    <subfield code="2">aat</subfield>
  </datafield>
  <datafield tag="610" ind1="2" ind2="0">
    <subfield code="a">Intercollegiate Prohibition Association.</subfield>
  </datafield>
  <datafield tag="650" ind1=" " ind2="0">
    <subfield code="a">Prohibition</subfield>
    <subfield code="z">United States.</subfield>
  </datafield>
  <datafield tag="610" ind1="2" ind2="0">
    <subfield code="a">Prohibition Party (U.S.)</subfield>
  </datafield>
  <datafield tag="650" ind1=" " ind2="0">
    <subfield code="a">Prohibition</subfield>
    <subfield code="z">United States</subfield>
    <subfield code="x">Societies, etc.</subfield>
  </datafield>
  <datafield tag="610" ind1="2" ind2="0">
    <subfield code="a">Scientific Temperance Federation.</subfield>
  </datafield>
  <datafield tag="630" ind1="0" ind2="0">
    <subfield code="a">Standard encyclopedia of the alcohol problem.</subfield>
  </datafield>
  <datafield tag="650" ind1=" " ind2="0">
    <subfield code="a">Temperance</subfield>
    <subfield code="z">United States.</subfield>
  </datafield>
  <datafield tag="650" ind1=" " ind2="0">
    <subfield code="a">Temperance</subfield>
    <subfield code="x">History</subfield>
    <subfield code="x">Sources.</subfield>
  </datafield>
  <datafield tag="610" ind1="2" ind2="0">
    <subfield code="a">Woman's Christian Temperance Union.</subfield>
  </datafield>
  <datafield tag="650" ind1=" " ind2="0">
    <subfield code="a">Social reformers</subfield>
    <subfield code="z">United States.</subfield>
  </datafield>
  <datafield tag="650" ind1=" " ind2="0">
    <subfield code="a">Women social reformers</subfield>
    <subfield code="z">United States.</subfield>
  </datafield>
  <datafield tag="610" ind1="2" ind2="0">
    <subfield code="a">World League Against Alcoholism.</subfield>
  </datafield>
  <datafield tag="650" ind1=" " ind2="0">
    <subfield code="a">Social reformers</subfield>
    <subfield code="z">United States.</subfield>
  </datafield>
  <datafield tag="700" ind1="1" ind2=" ">
    <subfield code="a">Blouin, Francis X.</subfield>
  </datafield>
  <datafield tag="700" ind1="1" ind2=" ">
    <subfield code="a">Cherrington, Ernest Hurst,</subfield>
    <subfield code="d">1877-1950.</subfield>
  </datafield>
  <datafield tag="700" ind1="1" ind2=" ">
    <subfield code="a">Lentz, Andrea D.</subfield>
    <subfield code="q">(Andrea Durham)</subfield>
  </datafield>
  <datafield tag="700" ind1="1" ind2=" ">
    <subfield code="a">McBride, Francis Scott,</subfield>
    <subfield code="d">1872-1955.</subfield>
  </datafield>
  <datafield tag="710" ind1="2" ind2=" ">
    <subfield code="a">Michigan Historical Collections.</subfield>
  </datafield>
  <datafield tag="710" ind1="2" ind2=" ">
    <subfield code="a">Ohio Historical Society.</subfield>
  </datafield>
  <datafield tag="700" ind1="1" ind2=" ">
    <subfield code="a">Russell, Howard H.</subfield>
    <subfield code="q">(Howard Hyde),</subfield>
    <subfield code="d">1855-1946.</subfield>
  </datafield>
  <datafield tag="700" ind1="1" ind2=" ">
    <subfield code="a">Steuart, Thomas Justin.</subfield>
  </datafield>
  <datafield tag="700" ind1="1" ind2=" ">
    <subfield code="a">Willard, Frances E.</subfield>
    <subfield code="q">(Frances Elizabeth),</subfield>
    <subfield code="d">1839-1898.</subfield>
  </datafield>
  <datafield tag="710" ind1="2" ind2=" ">
    <subfield code="a">Woman's Christian Temperance Union.</subfield>
  </datafield>
  <datafield tag="852" ind1="8" ind2=" ">
    <subfield code="a">MiU-H</subfield>
    <subfield code="b">BENT</subfield>
    <subfield code="h">85348 Bj microcopy</subfield>
  </datafield>
  <datafield tag="998" ind1=" " ind2=" ">
    <subfield code="s">9554</subfield>
  </datafield>
  <datafield tag="955" ind1=" " ind2=" ">
    <subfield code="b">BENT</subfield>
    <subfield code="p">B1055709</subfield>
  </datafield>
</record>
